https://www.stat.berkeley.edu/~aldous/205B/bmbook.pdf
@book{peres,
	author = {Peter Morters and Yuval Peres},
	title = {Brownian Motion},
	publisher = {Cambridge University Press},
	year = {2010},
	address = {Cambridge, UK}
}

https://merlab.de/links/books/fxBooks/Financial%20Signal%20Processing%20and%20Machine%20Learning.pdf
@book{akansu,
	author = {Mustafa U. Torin and Onur Yilmaz and Ali N. Akansu},
	title = {Financial Signal Processing and Machine Learning},
	publisher = {John Wiley and Sons},
	year = {2016},
	chapter = {5},
	address = {West Sussex, UK}
}

http://www.columbia.edu/~mh2078/FoundationsFE/IntroStochCalc.pdf
@misc{columbia_lecture,
	author = {Martin Haugh},
	title = {A Brief Introduction to Stochastic Calculus},
	year = {2016},
	publisher = {Columbia University}
}

https://www.diva-portal.org/smash/get/diva2:692167/FULLTEXT01.pdf
@misc{utah_lecture,
	author = {Jingyi Zhu},
	title = {Markowitz Portfolio Theory},
	publisher = {The University of Utah}
}